
@Book{Pixel_art_for_game_developers,
	title = {Pixel art for game developers},
	author = {Silber D},
	year = {2015},
	publisher = {CRC Press},}

@Book{Practical_Geometry,
	title = {Practical Geometry and Engineering Graphics,},
	author = {Abbott W},
	year = {1971},
	publisher = {Blackie and Son Limited},}

@Book{bronze_age_identities,
	title = {Bronze Age identities: costume, conflict and contact in Northern Europe 1600-1300 BC},
	author = {Bergerbrant S},
	year = {2007},
	publisher = {Bricoleur Press},}

@Book{gravitation,
	title = {Three hundred years of gravitation},
	author = {Hawking S., Werner I},
	year = {1989},
	publisher = {Cambridge University Press},}

@Book{Blender_Kompendium,
	title = {Blender Kompendium},
	author = {Kuklo K., Kolmaga J},
	year = {2007},
	publisher = {Helion},}

@Book{Digital_character_animation,
	title = {Digital character animation 3},
	author = {Maestri G},
	year = {2007},
	publisher = {New Riders},}


@misc{Etapy_Projektu,
	year = {EtapyProjektu},
	title = {{Etapy Projektu – Jak Je Określić?}},
	howpublished = {\url{https://www.projektgamma.pl/strefa-wiedzy-cat/artykuly-eksperckie/etapy-projektu-jak-je-okreslic/}},
	note = {dostęp 6.01.2022},
	author = {gamma}}

@misc{Pixel_Art_Where_to_Start],
	year = {2019},
	title = {{Pixel Art: Where to Start }},
	howpublished = {\url{https://lospec.com/articles/pixel-art-where-to-start/}},
	note = {dostęp 30 lipiec 2012},
	author = {Keddy, S}}

@misc{voxel,
	year = {2012},
	title = {{Wyklad 09a voxel}},
	howpublished = {\url{https://www.math.uni.lodz.pl/~marekbad/files/grafika/wyklady/wyklady/Wyklad_09a%20voxel.pdf}},
	note = {dostęp 6.01.2022},
	author = {Keddy, S}}

@misc{Graphical_Styles,
	year = {2017},
	title = {{Graphical Styles in Video Games}},
	howpublished = {\url{https://www.theseus.fi/bitstream/handle/10024/133067/Keo_Mary.pdf}},
	note = {dostęp 12.01.2022},
    author = {Mary Keo}} 

@misc{Grafika_Do_Gier,
	title = {{Najlepsza Grafika Do Gier}},
	howpublished = {\url{https://blog.poliman.pl/2015/10/najlepsza-grafika-do-gier-poznaj-wszystkie-style-i-sam-zdecyduj/}},
	note = {dostęp 21.02.2022},
	year = {2015},
	author = {Poliman}} 

@misc{Stylized_Realism,
	title = {{Stylized Realism }},
	howpublished = {\url{http://howtonotsuckatgamedesign.com/2016/01/stylized-realism/ }},
	note = {dostęp 9.02.2022},
	year = {2016},
    author = {ANJIN ANHUT}}

@misc{Abstract_Art,
	title = {{Abstract Art Style}},
	howpublished = {\url{https://www.giantbomb.com/abstract-art-style/3015-1558/ }},
	note = {dostęp 9.02.2022},
	year = {2018},
    author = {Giant Bomb}}

@misc{Gran_Stylissimo,
	title = {{Gran Stylissimo: The Audiovisual Elements and Styles in Computer and Video Games }},
	howpublished = {\url{http://www.digra.org/wp-content/uploads/digital-library/05164.35393.pdf}},
	note = {dostęp 19.02.2022},
	year = {2002},
    author = { Aki Järvinen }}

@misc{Fundamentals_of_2D,
	title = {{Fundamentals of 2D Game Art}},
	howpublished = {\url{https://www.theseus.fi/bitstream/handle/10024/504796/Nguyen_Mai_Fundamentals_of_2D_Game_Art.pdf?sequence=2&isAllowed=y}},
	note = {dostęp 23.02.2022},
	year = {2021},
    author = { Nguyen, Mai}}

@misc{Laymans,
	title = {{A Layman’s guide to projection in videogames}},
	howpublished = {\url{https://www.significant-bits.com/a-laymans-guide-toprojection-in-videogames/}},
	note = {dostęp 16.02.2022},
	year = {2009},
    author = {Radek Koncewicz}}


@misc{Education_Games,
	title = {{Education Games To Learn Basic Algorithm With Near IsometricProjection Method.}},
	howpublished = {\url{https://arxiv.org/ftp/arxiv/papers/2005/2005.13225.pdf}},
	note = {dostęp 24.01.2022},
	year = {2020},
    author = {Istiono, Wirawan}}


@misc{Isometric_Games,
	title = {{The Continued Relevance of Isometric Games}},
	howpublished = {\url{https://www.usgamer.net/articles/twisted-perspective-the-continued-relevance-of-isometric-games}},
	note = {dostęp 23.02.2022},
	year = {2014},
    author = {Jeremy Signor}}

@misc{tree_growth,
	title = {{A functional model of tree growth and tree architecture.}},
	howpublished = {\url{https://https://helda.helsinki.fi/bitstream/handle/1975/8529/silva_1997_31_3_\%286\%29_reffye.p.pdf?sequence=3&isAllowed=y}},
	note = {dostęp 23.02.2022},
	year = {1997},
    author = {Philippe De Reffye}}

@misc{pixel_graphics,
	title = {{Hi-bit pixel graphics: new era of pixel art}},
	howpublished = {\url{https://www.theseus.fi/bitstream/handle/10024/167773/Kylmaaho_Noora.pdf?sequence=2&isAllowed=y}},
	note = {dostęp 23.02.2022},
	year = {2021},
    author = {Heikkinen, Olli.}}

@misc{Lua,
	title = {{Using Lua with C++}},
	howpublished = {\url{https://eliasdaler.wordpress.com/2013/10/11/lua_cpp_binder/}},
	note = {dostęp 18.02.2022},
	year = {2013},
    author = {Elias Daler }}

@misc{programowania,
	title = {{Który język programowania wybrać?}},
	howpublished = {\url{https://kobietydokodu.pl/ktory-jezyk-programowania-wybrac/ }},
	note = {dostęp 18.02.2022},
	year = {2015},
    author = {Anna Pietras}}

@misc{roznice,
	title = {{Jakie są różnice pomiędzy C i C++?}},
	howpublished = {\url{https://work4.dev/blog/27/Jakie-sa-roznice-pomiedzy-C-i-C-.html}},
	note = {dostęp 18.02.2022},
	year = {2021},
    author = {Radosław Drwal}}
    
@misc{polish_gamers_research,
	year = {2021},
	title = {Kondycja Polskiej Branży Gier 2020 },
	howpublished = {\url{https://polishgamers.com/wp-content/uploads/2021/01/Raport_2021_long_20201222_web.pdf}},
	note = {dostęp 17 grudnia 2022},
	author = {Michał Bobrowski, Patrycja Rodzińska-Szary, Przemysław Włodarski}}